@misc{1706.03762,
Author = {Ashish Vaswani and Noam Shazeer and Niki Parmar and Jakob Uszkoreit and Llion Jones and Aidan N. Gomez and Lukasz Kaiser and Illia Polosukhin},
Title = {Attention Is All You Need},
Year = {2017},
Eprint = {arXiv:1706.03762},
}

@misc{1703.01619,
Author = {Graham Neubig},
Title = {Neural Machine Translation and Sequence-to-sequence Models: A Tutorial},
Year = {2017},
Eprint = {arXiv:1703.01619},
}